<?xml version="1.0" encoding="UTF-8"?><collection xmlns="http://www.loc.gov/MARC21/slim"><record><leader>00318nam--2200133-i-4500</leader><controlfield tag="001">000049028</controlfield><controlfield tag="002">20161230</controlfield><controlfield tag="005">20161230201047</controlfield><controlfield tag="008">060222s1000------------r-----000-0-eng-d</controlfield><datafield ind1=" " ind2=" " tag="080"><subfield code="a">521.1</subfield></datafield><datafield ind1=" " ind2=" " tag="100"><subfield code="a">Aksenov,E.P</subfield></datafield><datafield ind1=" " ind2=" " tag="245"><subfield code="a">Specialnye funcii v nebesnoi mehanike</subfield></datafield><datafield ind1=" " ind2=" " tag="260"><subfield code="a">Moskva, Nauka, 1986. 320 S</subfield></datafield><datafield ind1=" " ind2=" " tag="852"><subfield code="a">73990</subfield></datafield></record></collection>